<collection xmlns="http://www.loc.gov/MARC21/slim">
<record>
  <leader>00807nam0a22002051i 450 </leader>
  <controlfield tag="001">IT\ICCU\CNCE\040740</controlfield>
  <controlfield tag="005">20060413000000.0</controlfield>
  <datafield tag="012" ind1=" " ind2=" ">
    <subfield code="a">++++ ++++ u-a. fafa (3) 1598 (Q)</subfield>
    <subfield code="2">fei</subfield>
  </datafield>
  <datafield tag="100" ind1=" " ind2=" ">
    <subfield code="a">19981103f1598        0itac0103    ba</subfield>
  </datafield>
  <datafield tag="101" ind1=" " ind2=" ">
    <subfield code="a">ITA</subfield>
  </datafield>
  <datafield tag="102" ind1=" " ind2=" ">
    <subfield code="a">IT</subfield>
  </datafield>
  <datafield tag="200" ind1="1" ind2=" ">
    <subfield code="a">\Pietro di Santo Nicol ̣... cardinale Aldobrandino, sopr&apos;intendente generale dello Stato ecclesiastico per tutta Italia, nella citt ̉e ducato di Ferrara legato de latere ...!</subfield>
  </datafield>
  <datafield tag="210" ind1=" " ind2=" ">
    <subfield code="d">\dopo il 1598!</subfield>
  </datafield>
  <datafield tag="215" ind1=" " ind2=" ">
    <subfield code="a">18 p.</subfield>
    <subfield code="d">fol</subfield>
  </datafield>
  <datafield tag="300" ind1=" " ind2=" ">
    <subfield code="a">E&apos; la 40741</subfield>
  </datafield>
  <datafield tag="710" ind1="0" ind2="2">
    <subfield code="a">Ferrara</subfield>
    <subfield code="c"> &lt;Legazione&gt;</subfield>
    <subfield code="3">26212</subfield>
  </datafield>
  <datafield tag="702" ind1=" " ind2="1">
    <subfield code="a">Aldobrandini,</subfield>
    <subfield code="b">Pietro</subfield>
    <subfield code="c"> &lt;1571-1621&gt;</subfield>
    <subfield code="3">IT\ICCU\CNCA\000576</subfield>
  </datafield>
  <datafield tag="712" ind1="0" ind2="2">
    <subfield code="a">s.n.</subfield>
    <subfield code="3">IT\ICCU\CNCT\000002</subfield>
    <subfield code="4">650</subfield>
  </datafield>
  <datafield tag="801" ind1=" " ind2="3">
    <subfield code="a">IT</subfield>
    <subfield code="b">ICCU</subfield>
    <subfield code="c">20201114</subfield>
  </datafield>
  <datafield tag="899" ind1=" " ind2=" ">
    <subfield code="a">Biblioteca comunale Ludovico Antonio Muratori. Comacchio</subfield>
    <subfield code="z">MUTILO</subfield>
    <subfield code="1">FE0006</subfield>
    <subfield code="2">UFE BC</subfield>
  </datafield>
</record>
</collection>
